@misc{llama2prompt,
  author = {GPU Utils},
  title = {{Llama 2 Prompt Template}},
  howpublished = "\url{https://gpus.llm-utils.org/llama-2-prompt-template/}",
  year = {2023}, 
  note = "[Online; accessed 19-Dec-2023]"
}